%YAML 1.1
%TAG !u! tag:unity3d.com,2011:
--- !u!29 &1
OcclusionCullingSettings:
  m_ObjectHideFlags: 0
  serializedVersion: 2
  m_OcclusionBakeSettings:
    smallestOccluder: 5
    smallestHole: 0.25
    backfaceThreshold: 100
  m_SceneGUID: 00000000000000000000000000000000
  m_OcclusionCullingData: {fileID: 0}
--- !u!104 &2
RenderSettings:
  m_ObjectHideFlags: 0
  serializedVersion: 8
  m_Fog: 0
  m_FogColor: {r: 0.5, g: 0.5, b: 0.5, a: 1}
  m_FogMode: 3
  m_FogDensity: 0.01
  m_LinearFogStart: 0
  m_LinearFogEnd: 300
  m_AmbientSkyColor: {r: 0.212, g: 0.227, b: 0.259, a: 1}
  m_AmbientEquatorColor: {r: 0.114, g: 0.125, b: 0.133, a: 1}
  m_AmbientGroundColor: {r: 0.047, g: 0.043, b: 0.035, a: 1}
  m_AmbientIntensity: 1
  m_AmbientMode: 3
  m_SubtractiveShadowColor: {r: 0.42, g: 0.478, b: 0.627, a: 1}
  m_SkyboxMaterial: {fileID: 0}
  m_HaloStrength: 0.5
  m_FlareStrength: 1
  m_FlareFadeSpeed: 3
  m_HaloTexture: {fileID: 0}
  m_SpotCookie: {fileID: 10001, guid: 0000000000000000e000000000000000, type: 0}
  m_DefaultReflectionMode: 0
  m_DefaultReflectionResolution: 128
  m_ReflectionBounces: 1
  m_ReflectionIntensity: 1
  m_CustomReflection: {fileID: 0}
  m_Sun: {fileID: 0}
  m_IndirectSpecularColor: {r: 0, g: 0, b: 0, a: 1}
--- !u!157 &3
LightmapSettings:
  m_ObjectHideFlags: 0
  serializedVersion: 11
  m_GIWorkflowMode: 1
  m_GISettings:
    serializedVersion: 2
    m_BounceScale: 1
    m_IndirectOutputScale: 1
    m_AlbedoBoost: 1
    m_TemporalCoherenceThreshold: 1
    m_EnvironmentLightingMode: 0
    m_EnableBakedLightmaps: 0
    m_EnableRealtimeLightmaps: 0
  m_LightmapEditorSettings:
    serializedVersion: 9
    m_Resolution: 2
    m_BakeResolution: 40
    m_TextureWidth: 1024
    m_TextureHeight: 1024
    m_AO: 0
    m_AOMaxDistance: 1
    m_CompAOExponent: 1
    m_CompAOExponentDirect: 0
    m_Padding: 2
    m_LightmapParameters: {fileID: 0}
    m_LightmapsBakeMode: 1
    m_TextureCompression: 1
    m_FinalGather: 0
    m_FinalGatherFiltering: 1
    m_FinalGatherRayCount: 256
    m_ReflectionCompression: 2
    m_MixedBakeMode: 2
    m_BakeBackend: 0
    m_PVRSampling: 1
    m_PVRDirectSampleCount: 32
    m_PVRSampleCount: 500
    m_PVRBounces: 2
    m_PVRFilterTypeDirect: 0
    m_PVRFilterTypeIndirect: 0
    m_PVRFilterTypeAO: 0
    m_PVRFilteringMode: 1
    m_PVRCulling: 1
    m_PVRFilteringGaussRadiusDirect: 1
    m_PVRFilteringGaussRadiusIndirect: 5
    m_PVRFilteringGaussRadiusAO: 2
    m_PVRFilteringAtrousPositionSigmaDirect: 0.5
    m_PVRFilteringAtrousPositionSigmaIndirect: 2
    m_PVRFilteringAtrousPositionSigmaAO: 1
    m_ShowResolutionOverlay: 1
  m_LightingDataAsset: {fileID: 0}
  m_UseShadowmask: 1
--- !u!196 &4
NavMeshSettings:
  serializedVersion: 2
  m_ObjectHideFlags: 0
  m_BuildSettings:
    serializedVersion: 2
    agentTypeID: 0
    agentRadius: 0.5
    agentHeight: 2
    agentSlope: 45
    agentClimb: 0.4
    ledgeDropHeight: 0
    maxJumpAcrossDistance: 0
    minRegionArea: 2
    manualCellSize: 0
    cellSize: 0.16666667
    manualTileSize: 0
    tileSize: 256
    accuratePlacement: 0
    debug:
      m_Flags: 0
  m_NavMeshData: {fileID: 0}
--- !u!4 &51893727 stripped
Transform:
  m_PrefabParentObject: {fileID: 4604120991349650, guid: c447e5495c6d39341a83d9b5a8a8dddf,
    type: 2}
  m_PrefabInternal: {fileID: 813777170}
--- !u!4 &76739481 stripped
Transform:
  m_PrefabParentObject: {fileID: 4604120991349650, guid: c447e5495c6d39341a83d9b5a8a8dddf,
    type: 2}
  m_PrefabInternal: {fileID: 2085984077}
--- !u!4 &136183361 stripped
Transform:
  m_PrefabParentObject: {fileID: 4015763008886232, guid: d6a244d8b23f36546816970c285f9828,
    type: 2}
  m_PrefabInternal: {fileID: 1829480539}
--- !u!4 &169981025 stripped
Transform:
  m_PrefabParentObject: {fileID: 4688003902334650, guid: 43623f5ff34e4c04ea3728abcce24646,
    type: 2}
  m_PrefabInternal: {fileID: 1267790084}
--- !u!1 &184629211
GameObject:
  m_ObjectHideFlags: 0
  m_PrefabParentObject: {fileID: 0}
  m_PrefabInternal: {fileID: 0}
  serializedVersion: 5
  m_Component:
  - component: {fileID: 184629212}
  m_Layer: 0
  m_Name: Playground
  m_TagString: Untagged
  m_Icon: {fileID: 0}
  m_NavMeshLayer: 0
  m_StaticEditorFlags: 0
  m_IsActive: 1
--- !u!4 &184629212
Transform:
  m_ObjectHideFlags: 0
  m_PrefabParentObject: {fileID: 0}
  m_PrefabInternal: {fileID: 0}
  m_GameObject: {fileID: 184629211}
  m_LocalRotation: {x: -0, y: -0, z: -0, w: 1}
  m_LocalPosition: {x: 0, y: 0, z: -10}
  m_LocalScale: {x: 1, y: 1, z: 1}
  m_Children:
  - {fileID: 1775527461}
  - {fileID: 946195297}
  - {fileID: 987270160}
  - {fileID: 169981025}
  - {fileID: 1743479825}
  m_Father: {fileID: 0}
  m_RootOrder: 3
  m_LocalEulerAnglesHint: {x: 0, y: 0, z: 0}
--- !u!1001 &375264847
Prefab:
  m_ObjectHideFlags: 0
  serializedVersion: 2
  m_Modification:
    m_TransformParent: {fileID: 1775527461}
    m_Modifications:
    - target: {fileID: 4614377715526862, guid: b240817fca0c5f3418bc7780661ce5ad, type: 2}
      propertyPath: m_LocalPosition.x
      value: -6.74
      objectReference: {fileID: 0}
    - target: {fileID: 4614377715526862, guid: b240817fca0c5f3418bc7780661ce5ad, type: 2}
      propertyPath: m_LocalPosition.y
      value: 3.6
      objectReference: {fileID: 0}
    - target: {fileID: 4614377715526862, guid: b240817fca0c5f3418bc7780661ce5ad, type: 2}
      propertyPath: m_LocalPosition.z
      value: 10
      objectReference: {fileID: 0}
    - target: {fileID: 4614377715526862, guid: b240817fca0c5f3418bc7780661ce5ad, type: 2}
      propertyPath: m_LocalRotation.x
      value: -0
      objectReference: {fileID: 0}
    - target: {fileID: 4614377715526862, guid: b240817fca0c5f3418bc7780661ce5ad, type: 2}
      propertyPath: m_LocalRotation.y
      value: -0
      objectReference: {fileID: 0}
    - target: {fileID: 4614377715526862, guid: b240817fca0c5f3418bc7780661ce5ad, type: 2}
      propertyPath: m_LocalRotation.z
      value: -0
      objectReference: {fileID: 0}
    - target: {fileID: 4614377715526862, guid: b240817fca0c5f3418bc7780661ce5ad, type: 2}
      propertyPath: m_LocalRotation.w
      value: 1
      objectReference: {fileID: 0}
    - target: {fileID: 4614377715526862, guid: b240817fca0c5f3418bc7780661ce5ad, type: 2}
      propertyPath: m_RootOrder
      value: 4
      objectReference: {fileID: 0}
    - target: {fileID: 114269216380127314, guid: b240817fca0c5f3418bc7780661ce5ad,
        type: 2}
      propertyPath: gazePoint
      value: 
      objectReference: {fileID: 410815037}
    - target: {fileID: 1177914122767580, guid: b240817fca0c5f3418bc7780661ce5ad, type: 2}
      propertyPath: m_Name
      value: AIEnemy (1)
      objectReference: {fileID: 0}
    - target: {fileID: 114269216380127314, guid: b240817fca0c5f3418bc7780661ce5ad,
        type: 2}
      propertyPath: _player
      value: 
      objectReference: {fileID: 410815037}
    - target: {fileID: 96760946111968912, guid: b240817fca0c5f3418bc7780661ce5ad,
        type: 2}
      propertyPath: m_Parameters.colorGradient.key0.g
      value: 0.35686272
      objectReference: {fileID: 0}
    - target: {fileID: 96760946111968912, guid: b240817fca0c5f3418bc7780661ce5ad,
        type: 2}
      propertyPath: m_Parameters.colorGradient.key0.b
      value: 0.87532127
      objectReference: {fileID: 0}
    - target: {fileID: 96760946111968912, guid: b240817fca0c5f3418bc7780661ce5ad,
        type: 2}
      propertyPath: m_Parameters.colorGradient.key0.r
      value: 0.91372555
      objectReference: {fileID: 0}
    - target: {fileID: 96760946111968912, guid: b240817fca0c5f3418bc7780661ce5ad,
        type: 2}
      propertyPath: m_Parameters.colorGradient.key1.g
      value: 0.35686272
      objectReference: {fileID: 0}
    - target: {fileID: 96760946111968912, guid: b240817fca0c5f3418bc7780661ce5ad,
        type: 2}
      propertyPath: m_Parameters.colorGradient.key1.b
      value: 0.87532127
      objectReference: {fileID: 0}
    - target: {fileID: 212153240044261106, guid: b240817fca0c5f3418bc7780661ce5ad,
        type: 2}
      propertyPath: m_Color.r
      value: 0.91372555
      objectReference: {fileID: 0}
    - target: {fileID: 212153240044261106, guid: b240817fca0c5f3418bc7780661ce5ad,
        type: 2}
      propertyPath: m_Color.g
      value: 0.35686275
      objectReference: {fileID: 0}
    - target: {fileID: 212153240044261106, guid: b240817fca0c5f3418bc7780661ce5ad,
        type: 2}
      propertyPath: m_Color.b
      value: 0.8745099
      objectReference: {fileID: 0}
    m_RemovedComponents: []
  m_ParentPrefab: {fileID: 100100000, guid: b240817fca0c5f3418bc7780661ce5ad, type: 2}
  m_IsPrefabParent: 0
--- !u!1 &392519145
GameObject:
  m_ObjectHideFlags: 0
  m_PrefabParentObject: {fileID: 0}
  m_PrefabInternal: {fileID: 0}
  serializedVersion: 5
  m_Component:
  - component: {fileID: 392519148}
  - component: {fileID: 392519147}
  - component: {fileID: 392519146}
  m_Layer: 0
  m_Name: EventSystem
  m_TagString: Untagged
  m_Icon: {fileID: 0}
  m_NavMeshLayer: 0
  m_StaticEditorFlags: 0
  m_IsActive: 1
--- !u!114 &392519146
MonoBehaviour:
  m_ObjectHideFlags: 0
  m_PrefabParentObject: {fileID: 0}
  m_PrefabInternal: {fileID: 0}
  m_GameObject: {fileID: 392519145}
  m_Enabled: 1
  m_EditorHideFlags: 0
  m_Script: {fileID: 1077351063, guid: f70555f144d8491a825f0804e09c671c, type: 3}
  m_Name: 
  m_EditorClassIdentifier: 
  m_HorizontalAxis: Horizontal
  m_VerticalAxis: Vertical
  m_SubmitButton: Submit
  m_CancelButton: Cancel
  m_InputActionsPerSecond: 10
  m_RepeatDelay: 0.5
  m_ForceModuleActive: 0
--- !u!114 &392519147
MonoBehaviour:
  m_ObjectHideFlags: 0
  m_PrefabParentObject: {fileID: 0}
  m_PrefabInternal: {fileID: 0}
  m_GameObject: {fileID: 392519145}
  m_Enabled: 1
  m_EditorHideFlags: 0
  m_Script: {fileID: -619905303, guid: f70555f144d8491a825f0804e09c671c, type: 3}
  m_Name: 
  m_EditorClassIdentifier: 
  m_FirstSelected: {fileID: 0}
  m_sendNavigationEvents: 1
  m_DragThreshold: 5
--- !u!4 &392519148
Transform:
  m_ObjectHideFlags: 0
  m_PrefabParentObject: {fileID: 0}
  m_PrefabInternal: {fileID: 0}
  m_GameObject: {fileID: 392519145}
  m_LocalRotation: {x: 0, y: 0, z: 0, w: 1}
  m_LocalPosition: {x: 0, y: 0, z: 0}
  m_LocalScale: {x: 1, y: 1, z: 1}
  m_Children: []
  m_Father: {fileID: 0}
  m_RootOrder: 2
  m_LocalEulerAnglesHint: {x: 0, y: 0, z: 0}
--- !u!1 &402022989
GameObject:
  m_ObjectHideFlags: 0
  m_PrefabParentObject: {fileID: 0}
  m_PrefabInternal: {fileID: 0}
  serializedVersion: 5
  m_Component:
  - component: {fileID: 402022990}
  m_Layer: 8
  m_Name: ProjectileSpawnPoint
  m_TagString: Untagged
  m_Icon: {fileID: 0}
  m_NavMeshLayer: 0
  m_StaticEditorFlags: 0
  m_IsActive: 1
--- !u!4 &402022990
Transform:
  m_ObjectHideFlags: 0
  m_PrefabParentObject: {fileID: 0}
  m_PrefabInternal: {fileID: 0}
  m_GameObject: {fileID: 402022989}
  m_LocalRotation: {x: 0, y: 0, z: 0, w: 1}
  m_LocalPosition: {x: 0.31, y: -0.08, z: 0}
  m_LocalScale: {x: 0.18316135, y: 1, z: 1}
  m_Children: []
  m_Father: {fileID: 136183361}
  m_RootOrder: 0
  m_LocalEulerAnglesHint: {x: 0, y: 0, z: 0}
--- !u!4 &410815037 stripped
Transform:
  m_PrefabParentObject: {fileID: 4614377715526862, guid: b240817fca0c5f3418bc7780661ce5ad,
    type: 2}
  m_PrefabInternal: {fileID: 1172647039}
--- !u!1 &500728724
GameObject:
  m_ObjectHideFlags: 0
  m_PrefabParentObject: {fileID: 0}
  m_PrefabInternal: {fileID: 0}
  serializedVersion: 5
  m_Component:
  - component: {fileID: 500728728}
  - component: {fileID: 500728727}
  - component: {fileID: 500728726}
  - component: {fileID: 500728725}
  m_Layer: 0
  m_Name: Main Camera
  m_TagString: MainCamera
  m_Icon: {fileID: 0}
  m_NavMeshLayer: 0
  m_StaticEditorFlags: 0
  m_IsActive: 1
--- !u!81 &500728725
AudioListener:
  m_ObjectHideFlags: 0
  m_PrefabParentObject: {fileID: 0}
  m_PrefabInternal: {fileID: 0}
  m_GameObject: {fileID: 500728724}
  m_Enabled: 1
--- !u!124 &500728726
Behaviour:
  m_ObjectHideFlags: 0
  m_PrefabParentObject: {fileID: 0}
  m_PrefabInternal: {fileID: 0}
  m_GameObject: {fileID: 500728724}
  m_Enabled: 1
--- !u!20 &500728727
Camera:
  m_ObjectHideFlags: 0
  m_PrefabParentObject: {fileID: 0}
  m_PrefabInternal: {fileID: 0}
  m_GameObject: {fileID: 500728724}
  m_Enabled: 1
  serializedVersion: 2
  m_ClearFlags: 1
  m_BackGroundColor: {r: 0.19215687, g: 0.3019608, b: 0.4745098, a: 0}
  m_NormalizedViewPortRect:
    serializedVersion: 2
    x: 0
    y: 0
    width: 1
    height: 1
  near clip plane: 0.3
  far clip plane: 1000
  field of view: 60
  orthographic: 1
  orthographic size: 5
  m_Depth: -1
  m_CullingMask:
    serializedVersion: 2
    m_Bits: 4294967295
  m_RenderingPath: -1
  m_TargetTexture: {fileID: 0}
  m_TargetDisplay: 0
  m_TargetEye: 3
  m_HDR: 1
  m_AllowMSAA: 1
  m_AllowDynamicResolution: 0
  m_ForceIntoRT: 0
  m_OcclusionCulling: 1
  m_StereoConvergence: 10
  m_StereoSeparation: 0.022
--- !u!4 &500728728
Transform:
  m_ObjectHideFlags: 0
  m_PrefabParentObject: {fileID: 0}
  m_PrefabInternal: {fileID: 0}
  m_GameObject: {fileID: 500728724}
  m_LocalRotation: {x: 0, y: 0, z: 0, w: 1}
  m_LocalPosition: {x: 0, y: 0, z: -10}
  m_LocalScale: {x: 1, y: 1, z: 1}
  m_Children: []
  m_Father: {fileID: 0}
  m_RootOrder: 0
  m_LocalEulerAnglesHint: {x: 0, y: 0, z: 0}
--- !u!1001 &531204139
Prefab:
  m_ObjectHideFlags: 0
  serializedVersion: 2
  m_Modification:
    m_TransformParent: {fileID: 1775527461}
    m_Modifications:
    - target: {fileID: 4604120991349650, guid: c447e5495c6d39341a83d9b5a8a8dddf, type: 2}
      propertyPath: m_LocalPosition.x
      value: -5.16
      objectReference: {fileID: 0}
    - target: {fileID: 4604120991349650, guid: c447e5495c6d39341a83d9b5a8a8dddf, type: 2}
      propertyPath: m_LocalPosition.y
      value: 2.5800004
      objectReference: {fileID: 0}
    - target: {fileID: 4604120991349650, guid: c447e5495c6d39341a83d9b5a8a8dddf, type: 2}
      propertyPath: m_LocalPosition.z
      value: 10
      objectReference: {fileID: 0}
    - target: {fileID: 4604120991349650, guid: c447e5495c6d39341a83d9b5a8a8dddf, type: 2}
      propertyPath: m_LocalRotation.x
      value: -0
      objectReference: {fileID: 0}
    - target: {fileID: 4604120991349650, guid: c447e5495c6d39341a83d9b5a8a8dddf, type: 2}
      propertyPath: m_LocalRotation.y
      value: -0
      objectReference: {fileID: 0}
    - target: {fileID: 4604120991349650, guid: c447e5495c6d39341a83d9b5a8a8dddf, type: 2}
      propertyPath: m_LocalRotation.z
      value: -0.38968748
      objectReference: {fileID: 0}
    - target: {fileID: 4604120991349650, guid: c447e5495c6d39341a83d9b5a8a8dddf, type: 2}
      propertyPath: m_LocalRotation.w
      value: 0.92094713
      objectReference: {fileID: 0}
    - target: {fileID: 4604120991349650, guid: c447e5495c6d39341a83d9b5a8a8dddf, type: 2}
      propertyPath: m_RootOrder
      value: 7
      objectReference: {fileID: 0}
    - target: {fileID: 1803160951507696, guid: c447e5495c6d39341a83d9b5a8a8dddf, type: 2}
      propertyPath: m_Name
      value: LongObstacle
      objectReference: {fileID: 0}
    - target: {fileID: 212287035810962344, guid: c447e5495c6d39341a83d9b5a8a8dddf,
        type: 2}
      propertyPath: m_Size.y
      value: 2.3645372
      objectReference: {fileID: 0}
    - target: {fileID: 70176241686641836, guid: c447e5495c6d39341a83d9b5a8a8dddf,
        type: 2}
      propertyPath: m_Offset.y
      value: 0.0032491684
      objectReference: {fileID: 0}
    - target: {fileID: 70176241686641836, guid: c447e5495c6d39341a83d9b5a8a8dddf,
        type: 2}
      propertyPath: m_Size.y
      value: 2.3949203
      objectReference: {fileID: 0}
    - target: {fileID: 4604120991349650, guid: c447e5495c6d39341a83d9b5a8a8dddf, type: 2}
      propertyPath: m_LocalEulerAnglesHint.z
      value: -45.870003
      objectReference: {fileID: 0}
    m_RemovedComponents: []
  m_ParentPrefab: {fileID: 100100000, guid: c447e5495c6d39341a83d9b5a8a8dddf, type: 2}
  m_IsPrefabParent: 0
--- !u!1 &544151653
GameObject:
  m_ObjectHideFlags: 0
  m_PrefabParentObject: {fileID: 0}
  m_PrefabInternal: {fileID: 0}
  serializedVersion: 5
  m_Component:
  - component: {fileID: 544151656}
  - component: {fileID: 544151655}
  - component: {fileID: 544151654}
  m_Layer: 5
  m_Name: 'Score:'
  m_TagString: Untagged
  m_Icon: {fileID: 0}
  m_NavMeshLayer: 0
  m_StaticEditorFlags: 0
  m_IsActive: 0
--- !u!114 &544151654
MonoBehaviour:
  m_ObjectHideFlags: 0
  m_PrefabParentObject: {fileID: 0}
  m_PrefabInternal: {fileID: 0}
  m_GameObject: {fileID: 544151653}
  m_Enabled: 1
  m_EditorHideFlags: 0
  m_Script: {fileID: 708705254, guid: f70555f144d8491a825f0804e09c671c, type: 3}
  m_Name: 
  m_EditorClassIdentifier: 
  m_Material: {fileID: 0}
  m_Color: {r: 1, g: 1, b: 1, a: 1}
  m_RaycastTarget: 1
  m_OnCullStateChanged:
    m_PersistentCalls:
      m_Calls: []
    m_TypeName: UnityEngine.UI.MaskableGraphic+CullStateChangedEvent, UnityEngine.UI,
      Version=1.0.0.0, Culture=neutral, PublicKeyToken=null
  m_FontData:
    m_Font: {fileID: 10102, guid: 0000000000000000e000000000000000, type: 0}
    m_FontSize: 14
    m_FontStyle: 0
    m_BestFit: 0
    m_MinSize: 10
    m_MaxSize: 40
    m_Alignment: 0
    m_AlignByGeometry: 0
    m_RichText: 1
    m_HorizontalOverflow: 0
    m_VerticalOverflow: 0
    m_LineSpacing: 1
  m_Text: 'Score: '
--- !u!222 &544151655
CanvasRenderer:
  m_ObjectHideFlags: 0
  m_PrefabParentObject: {fileID: 0}
  m_PrefabInternal: {fileID: 0}
  m_GameObject: {fileID: 544151653}
--- !u!224 &544151656
RectTransform:
  m_ObjectHideFlags: 0
  m_PrefabParentObject: {fileID: 0}
  m_PrefabInternal: {fileID: 0}
  m_GameObject: {fileID: 544151653}
  m_LocalRotation: {x: 0, y: 0, z: 0, w: 1}
  m_LocalPosition: {x: 0, y: 0, z: 0}
  m_LocalScale: {x: 1, y: 1, z: 1}
  m_Children: []
  m_Father: {fileID: 1320437626}
  m_RootOrder: 0
  m_LocalEulerAnglesHint: {x: 0, y: 0, z: 0}
  m_AnchorMin: {x: 0, y: 1}
  m_AnchorMax: {x: 0, y: 1}
  m_AnchoredPosition: {x: 108, y: -50}
  m_SizeDelta: {x: 189.3, y: 57.1}
  m_Pivot: {x: 0.5, y: 0.5}
--- !u!1 &621777120 stripped
GameObject:
  m_PrefabParentObject: {fileID: 1115043689908434, guid: d6a244d8b23f36546816970c285f9828,
    type: 2}
  m_PrefabInternal: {fileID: 1829480539}
--- !u!4 &621777121 stripped
Transform:
  m_PrefabParentObject: {fileID: 4901957785318496, guid: d6a244d8b23f36546816970c285f9828,
    type: 2}
  m_PrefabInternal: {fileID: 1829480539}
--- !u!114 &621777122
MonoBehaviour:
  m_ObjectHideFlags: 0
  m_PrefabParentObject: {fileID: 0}
  m_PrefabInternal: {fileID: 0}
  m_GameObject: {fileID: 621777120}
  m_Enabled: 1
  m_EditorHideFlags: 0
  m_Script: {fileID: 11500000, guid: d3c278d26c7a0f14baed2cf992539dd4, type: 3}
  m_Name: 
  m_EditorClassIdentifier: 
  projectilePrefab: {fileID: 1074009034125172, guid: 7df63bc4eb2078048a8db608cb5935a1,
    type: 2}
  reloadTime: 0.5
  projectileSpeed: 15
  projectileColor: {r: 1, g: 1, b: 1, a: 1}
  projectileSpawnPoint: {fileID: 402022990}
--- !u!1001 &687915233
Prefab:
  m_ObjectHideFlags: 0
  serializedVersion: 2
  m_Modification:
    m_TransformParent: {fileID: 184629212}
    m_Modifications:
    - target: {fileID: 4688003902334650, guid: 43623f5ff34e4c04ea3728abcce24646, type: 2}
      propertyPath: m_LocalPosition.x
      value: -9.33
      objectReference: {fileID: 0}
    - target: {fileID: 4688003902334650, guid: 43623f5ff34e4c04ea3728abcce24646, type: 2}
      propertyPath: m_LocalPosition.y
      value: 0
      objectReference: {fileID: 0}
    - target: {fileID: 4688003902334650, guid: 43623f5ff34e4c04ea3728abcce24646, type: 2}
      propertyPath: m_LocalPosition.z
      value: 10
      objectReference: {fileID: 0}
    - target: {fileID: 4688003902334650, guid: 43623f5ff34e4c04ea3728abcce24646, type: 2}
      propertyPath: m_LocalRotation.x
      value: -0
      objectReference: {fileID: 0}
    - target: {fileID: 4688003902334650, guid: 43623f5ff34e4c04ea3728abcce24646, type: 2}
      propertyPath: m_LocalRotation.y
      value: -0
      objectReference: {fileID: 0}
    - target: {fileID: 4688003902334650, guid: 43623f5ff34e4c04ea3728abcce24646, type: 2}
      propertyPath: m_LocalRotation.z
      value: -0
      objectReference: {fileID: 0}
    - target: {fileID: 4688003902334650, guid: 43623f5ff34e4c04ea3728abcce24646, type: 2}
      propertyPath: m_LocalRotation.w
      value: 1
      objectReference: {fileID: 0}
    - target: {fileID: 4688003902334650, guid: 43623f5ff34e4c04ea3728abcce24646, type: 2}
      propertyPath: m_RootOrder
      value: 2
      objectReference: {fileID: 0}
    - target: {fileID: 1314702978663554, guid: 43623f5ff34e4c04ea3728abcce24646, type: 2}
      propertyPath: m_Layer
      value: 10
      objectReference: {fileID: 0}
    m_RemovedComponents: []
  m_ParentPrefab: {fileID: 100100000, guid: 43623f5ff34e4c04ea3728abcce24646, type: 2}
  m_IsPrefabParent: 0
--- !u!1001 &737725430
Prefab:
  m_ObjectHideFlags: 0
  serializedVersion: 2
  m_Modification:
    m_TransformParent: {fileID: 1775527461}
    m_Modifications:
    - target: {fileID: 4604120991349650, guid: c447e5495c6d39341a83d9b5a8a8dddf, type: 2}
      propertyPath: m_LocalPosition.x
      value: 3
      objectReference: {fileID: 0}
    - target: {fileID: 4604120991349650, guid: c447e5495c6d39341a83d9b5a8a8dddf, type: 2}
      propertyPath: m_LocalPosition.y
      value: 3
      objectReference: {fileID: 0}
    - target: {fileID: 4604120991349650, guid: c447e5495c6d39341a83d9b5a8a8dddf, type: 2}
      propertyPath: m_LocalPosition.z
      value: 10
      objectReference: {fileID: 0}
    - target: {fileID: 4604120991349650, guid: c447e5495c6d39341a83d9b5a8a8dddf, type: 2}
      propertyPath: m_LocalRotation.x
      value: -0
      objectReference: {fileID: 0}
    - target: {fileID: 4604120991349650, guid: c447e5495c6d39341a83d9b5a8a8dddf, type: 2}
      propertyPath: m_LocalRotation.y
      value: -0
      objectReference: {fileID: 0}
    - target: {fileID: 4604120991349650, guid: c447e5495c6d39341a83d9b5a8a8dddf, type: 2}
      propertyPath: m_LocalRotation.z
      value: -0
      objectReference: {fileID: 0}
    - target: {fileID: 4604120991349650, guid: c447e5495c6d39341a83d9b5a8a8dddf, type: 2}
      propertyPath: m_LocalRotation.w
      value: 1
      objectReference: {fileID: 0}
    - target: {fileID: 4604120991349650, guid: c447e5495c6d39341a83d9b5a8a8dddf, type: 2}
      propertyPath: m_RootOrder
      value: 2
      objectReference: {fileID: 0}
    m_RemovedComponents: []
  m_ParentPrefab: {fileID: 100100000, guid: c447e5495c6d39341a83d9b5a8a8dddf, type: 2}
  m_IsPrefabParent: 0
--- !u!1001 &753748753
Prefab:
  m_ObjectHideFlags: 0
  serializedVersion: 2
  m_Modification:
    m_TransformParent: {fileID: 1775527461}
    m_Modifications:
    - target: {fileID: 4604120991349650, guid: c447e5495c6d39341a83d9b5a8a8dddf, type: 2}
      propertyPath: m_LocalPosition.x
      value: 0
      objectReference: {fileID: 0}
    - target: {fileID: 4604120991349650, guid: c447e5495c6d39341a83d9b5a8a8dddf, type: 2}
      propertyPath: m_LocalPosition.y
      value: 0
      objectReference: {fileID: 0}
    - target: {fileID: 4604120991349650, guid: c447e5495c6d39341a83d9b5a8a8dddf, type: 2}
      propertyPath: m_LocalPosition.z
      value: 10
      objectReference: {fileID: 0}
    - target: {fileID: 4604120991349650, guid: c447e5495c6d39341a83d9b5a8a8dddf, type: 2}
      propertyPath: m_LocalRotation.x
      value: -0
      objectReference: {fileID: 0}
    - target: {fileID: 4604120991349650, guid: c447e5495c6d39341a83d9b5a8a8dddf, type: 2}
      propertyPath: m_LocalRotation.y
      value: -0
      objectReference: {fileID: 0}
    - target: {fileID: 4604120991349650, guid: c447e5495c6d39341a83d9b5a8a8dddf, type: 2}
      propertyPath: m_LocalRotation.z
      value: -0
      objectReference: {fileID: 0}
    - target: {fileID: 4604120991349650, guid: c447e5495c6d39341a83d9b5a8a8dddf, type: 2}
      propertyPath: m_LocalRotation.w
      value: 1
      objectReference: {fileID: 0}
    - target: {fileID: 4604120991349650, guid: c447e5495c6d39341a83d9b5a8a8dddf, type: 2}
      propertyPath: m_RootOrder
      value: 5
      objectReference: {fileID: 0}
    - target: {fileID: 1803160951507696, guid: c447e5495c6d39341a83d9b5a8a8dddf, type: 2}
      propertyPath: m_Name
      value: Obstacle (1)
      objectReference: {fileID: 0}
    m_RemovedComponents: []
  m_ParentPrefab: {fileID: 100100000, guid: c447e5495c6d39341a83d9b5a8a8dddf, type: 2}
  m_IsPrefabParent: 0
--- !u!1001 &767791185
Prefab:
  m_ObjectHideFlags: 0
  serializedVersion: 2
  m_Modification:
    m_TransformParent: {fileID: 184629212}
    m_Modifications:
    - target: {fileID: 4688003902334650, guid: 43623f5ff34e4c04ea3728abcce24646, type: 2}
      propertyPath: m_LocalPosition.x
      value: 0
      objectReference: {fileID: 0}
    - target: {fileID: 4688003902334650, guid: 43623f5ff34e4c04ea3728abcce24646, type: 2}
      propertyPath: m_LocalPosition.y
      value: 1
      objectReference: {fileID: 0}
    - target: {fileID: 4688003902334650, guid: 43623f5ff34e4c04ea3728abcce24646, type: 2}
      propertyPath: m_LocalPosition.z
      value: 10
      objectReference: {fileID: 0}
    - target: {fileID: 4688003902334650, guid: 43623f5ff34e4c04ea3728abcce24646, type: 2}
      propertyPath: m_LocalRotation.x
      value: -0
      objectReference: {fileID: 0}
    - target: {fileID: 4688003902334650, guid: 43623f5ff34e4c04ea3728abcce24646, type: 2}
      propertyPath: m_LocalRotation.y
      value: -0
      objectReference: {fileID: 0}
    - target: {fileID: 4688003902334650, guid: 43623f5ff34e4c04ea3728abcce24646, type: 2}
      propertyPath: m_LocalRotation.z
      value: -0
      objectReference: {fileID: 0}
    - target: {fileID: 4688003902334650, guid: 43623f5ff34e4c04ea3728abcce24646, type: 2}
      propertyPath: m_LocalRotation.w
      value: 1
      objectReference: {fileID: 0}
    - target: {fileID: 4688003902334650, guid: 43623f5ff34e4c04ea3728abcce24646, type: 2}
      propertyPath: m_RootOrder
      value: 4
      objectReference: {fileID: 0}
    - target: {fileID: 1314702978663554, guid: 43623f5ff34e4c04ea3728abcce24646, type: 2}
      propertyPath: m_Name
      value: Walls (2)
      objectReference: {fileID: 0}
    - target: {fileID: 61559415656164562, guid: 43623f5ff34e4c04ea3728abcce24646,
        type: 2}
      propertyPath: m_Offset.y
      value: 4.4571524
      objectReference: {fileID: 0}
    - target: {fileID: 61559415656164562, guid: 43623f5ff34e4c04ea3728abcce24646,
        type: 2}
      propertyPath: m_Size.y
      value: 1.1473484
      objectReference: {fileID: 0}
    - target: {fileID: 61559415656164562, guid: 43623f5ff34e4c04ea3728abcce24646,
        type: 2}
      propertyPath: m_Offset.x
      value: 0
      objectReference: {fileID: 0}
    - target: {fileID: 61559415656164562, guid: 43623f5ff34e4c04ea3728abcce24646,
        type: 2}
      propertyPath: m_Size.x
      value: 17.797207
      objectReference: {fileID: 0}
    - target: {fileID: 0}
      propertyPath: m_Constraints
      value: 7
      objectReference: {fileID: 0}
    - target: {fileID: 1314702978663554, guid: 43623f5ff34e4c04ea3728abcce24646, type: 2}
      propertyPath: m_Layer
      value: 10
      objectReference: {fileID: 0}
    m_RemovedComponents:
    - {fileID: 0}
  m_ParentPrefab: {fileID: 100100000, guid: 43623f5ff34e4c04ea3728abcce24646, type: 2}
  m_IsPrefabParent: 0
--- !u!1001 &813777170
Prefab:
  m_ObjectHideFlags: 0
  serializedVersion: 2
  m_Modification:
    m_TransformParent: {fileID: 1775527461}
    m_Modifications:
    - target: {fileID: 4604120991349650, guid: c447e5495c6d39341a83d9b5a8a8dddf, type: 2}
      propertyPath: m_LocalPosition.x
      value: 5.37
      objectReference: {fileID: 0}
    - target: {fileID: 4604120991349650, guid: c447e5495c6d39341a83d9b5a8a8dddf, type: 2}
      propertyPath: m_LocalPosition.y
      value: -2.53
      objectReference: {fileID: 0}
    - target: {fileID: 4604120991349650, guid: c447e5495c6d39341a83d9b5a8a8dddf, type: 2}
      propertyPath: m_LocalPosition.z
      value: 10
      objectReference: {fileID: 0}
    - target: {fileID: 4604120991349650, guid: c447e5495c6d39341a83d9b5a8a8dddf, type: 2}
      propertyPath: m_LocalRotation.x
      value: -0
      objectReference: {fileID: 0}
    - target: {fileID: 4604120991349650, guid: c447e5495c6d39341a83d9b5a8a8dddf, type: 2}
      propertyPath: m_LocalRotation.y
      value: -0
      objectReference: {fileID: 0}
    - target: {fileID: 4604120991349650, guid: c447e5495c6d39341a83d9b5a8a8dddf, type: 2}
      propertyPath: m_LocalRotation.z
      value: -0.38968748
      objectReference: {fileID: 0}
    - target: {fileID: 4604120991349650, guid: c447e5495c6d39341a83d9b5a8a8dddf, type: 2}
      propertyPath: m_LocalRotation.w
      value: 0.92094713
      objectReference: {fileID: 0}
    - target: {fileID: 4604120991349650, guid: c447e5495c6d39341a83d9b5a8a8dddf, type: 2}
      propertyPath: m_RootOrder
      value: 8
      objectReference: {fileID: 0}
    - target: {fileID: 1803160951507696, guid: c447e5495c6d39341a83d9b5a8a8dddf, type: 2}
      propertyPath: m_Name
      value: LongObstacle (1)
      objectReference: {fileID: 0}
    - target: {fileID: 212287035810962344, guid: c447e5495c6d39341a83d9b5a8a8dddf,
        type: 2}
      propertyPath: m_Size.y
      value: 2.3645372
      objectReference: {fileID: 0}
    - target: {fileID: 70176241686641836, guid: c447e5495c6d39341a83d9b5a8a8dddf,
        type: 2}
      propertyPath: m_Offset.y
      value: 0.0032491684
      objectReference: {fileID: 0}
    - target: {fileID: 70176241686641836, guid: c447e5495c6d39341a83d9b5a8a8dddf,
        type: 2}
      propertyPath: m_Size.y
      value: 2.3949203
      objectReference: {fileID: 0}
    - target: {fileID: 4604120991349650, guid: c447e5495c6d39341a83d9b5a8a8dddf, type: 2}
      propertyPath: m_LocalEulerAnglesHint.z
      value: -45.870003
      objectReference: {fileID: 0}
    m_RemovedComponents: []
  m_ParentPrefab: {fileID: 100100000, guid: c447e5495c6d39341a83d9b5a8a8dddf, type: 2}
  m_IsPrefabParent: 0
--- !u!1 &881989716
GameObject:
  m_ObjectHideFlags: 0
  m_PrefabParentObject: {fileID: 0}
  m_PrefabInternal: {fileID: 0}
  serializedVersion: 5
  m_Component:
  - component: {fileID: 881989717}
  - component: {fileID: 881989718}
  m_Layer: 0
  m_Name: GridManager
  m_TagString: Untagged
  m_Icon: {fileID: 0}
  m_NavMeshLayer: 0
  m_StaticEditorFlags: 0
  m_IsActive: 1
--- !u!4 &881989717
Transform:
  m_ObjectHideFlags: 0
  m_PrefabParentObject: {fileID: 0}
  m_PrefabInternal: {fileID: 0}
  m_GameObject: {fileID: 881989716}
  m_LocalRotation: {x: 0, y: 0, z: 0, w: 1}
  m_LocalPosition: {x: -9.44, y: -5.53, z: 10}
  m_LocalScale: {x: 1, y: 1, z: 1}
  m_Children: []
  m_Father: {fileID: 1775527461}
  m_RootOrder: 0
  m_LocalEulerAnglesHint: {x: 0, y: 0, z: 0}
--- !u!114 &881989718
MonoBehaviour:
  m_ObjectHideFlags: 0
  m_PrefabParentObject: {fileID: 0}
  m_PrefabInternal: {fileID: 0}
  m_GameObject: {fileID: 881989716}
  m_Enabled: 1
  m_EditorHideFlags: 0
  m_Script: {fileID: 11500000, guid: d174546d8d610f845896fe9965bccd75, type: 3}
  m_Name: 
  m_EditorClassIdentifier: 
  offset: 1
  startOffset: 1
  gridWidth: 18
  gridHeight: 10
--- !u!4 &946195297 stripped
Transform:
  m_PrefabParentObject: {fileID: 4688003902334650, guid: 43623f5ff34e4c04ea3728abcce24646,
    type: 2}
  m_PrefabInternal: {fileID: 1302710192}
--- !u!4 &987270160 stripped
Transform:
  m_PrefabParentObject: {fileID: 4688003902334650, guid: 43623f5ff34e4c04ea3728abcce24646,
    type: 2}
  m_PrefabInternal: {fileID: 687915233}
--- !u!1001 &1172647039
Prefab:
  m_ObjectHideFlags: 0
  serializedVersion: 2
  m_Modification:
    m_TransformParent: {fileID: 1775527461}
    m_Modifications:
    - target: {fileID: 4614377715526862, guid: b240817fca0c5f3418bc7780661ce5ad, type: 2}
      propertyPath: m_LocalPosition.x
      value: 6.67
      objectReference: {fileID: 0}
    - target: {fileID: 4614377715526862, guid: b240817fca0c5f3418bc7780661ce5ad, type: 2}
      propertyPath: m_LocalPosition.y
      value: -3.94
      objectReference: {fileID: 0}
    - target: {fileID: 4614377715526862, guid: b240817fca0c5f3418bc7780661ce5ad, type: 2}
      propertyPath: m_LocalPosition.z
      value: 10
      objectReference: {fileID: 0}
    - target: {fileID: 4614377715526862, guid: b240817fca0c5f3418bc7780661ce5ad, type: 2}
      propertyPath: m_LocalRotation.x
      value: -0
      objectReference: {fileID: 0}
    - target: {fileID: 4614377715526862, guid: b240817fca0c5f3418bc7780661ce5ad, type: 2}
      propertyPath: m_LocalRotation.y
      value: -0
      objectReference: {fileID: 0}
    - target: {fileID: 4614377715526862, guid: b240817fca0c5f3418bc7780661ce5ad, type: 2}
      propertyPath: m_LocalRotation.z
      value: -0
      objectReference: {fileID: 0}
    - target: {fileID: 4614377715526862, guid: b240817fca0c5f3418bc7780661ce5ad, type: 2}
      propertyPath: m_LocalRotation.w
      value: 1
      objectReference: {fileID: 0}
    - target: {fileID: 4614377715526862, guid: b240817fca0c5f3418bc7780661ce5ad, type: 2}
      propertyPath: m_RootOrder
      value: 3
      objectReference: {fileID: 0}
    - target: {fileID: 114269216380127314, guid: b240817fca0c5f3418bc7780661ce5ad,
        type: 2}
      propertyPath: gazePoint
      value: 
      objectReference: {fileID: 1857290160}
    - target: {fileID: 114269216380127314, guid: b240817fca0c5f3418bc7780661ce5ad,
        type: 2}
      propertyPath: _player
      value: 
      objectReference: {fileID: 1857290160}
    m_RemovedComponents: []
  m_ParentPrefab: {fileID: 100100000, guid: b240817fca0c5f3418bc7780661ce5ad, type: 2}
  m_IsPrefabParent: 0
--- !u!1001 &1267790084
Prefab:
  m_ObjectHideFlags: 0
  serializedVersion: 2
  m_Modification:
    m_TransformParent: {fileID: 184629212}
    m_Modifications:
    - target: {fileID: 4688003902334650, guid: 43623f5ff34e4c04ea3728abcce24646, type: 2}
      propertyPath: m_LocalPosition.x
      value: 0
      objectReference: {fileID: 0}
    - target: {fileID: 4688003902334650, guid: 43623f5ff34e4c04ea3728abcce24646, type: 2}
      propertyPath: m_LocalPosition.y
      value: -10.05
      objectReference: {fileID: 0}
    - target: {fileID: 4688003902334650, guid: 43623f5ff34e4c04ea3728abcce24646, type: 2}
      propertyPath: m_LocalPosition.z
      value: 10
      objectReference: {fileID: 0}
    - target: {fileID: 4688003902334650, guid: 43623f5ff34e4c04ea3728abcce24646, type: 2}
      propertyPath: m_LocalRotation.x
      value: -0
      objectReference: {fileID: 0}
    - target: {fileID: 4688003902334650, guid: 43623f5ff34e4c04ea3728abcce24646, type: 2}
      propertyPath: m_LocalRotation.y
      value: -0
      objectReference: {fileID: 0}
    - target: {fileID: 4688003902334650, guid: 43623f5ff34e4c04ea3728abcce24646, type: 2}
      propertyPath: m_LocalRotation.z
      value: -0
      objectReference: {fileID: 0}
    - target: {fileID: 4688003902334650, guid: 43623f5ff34e4c04ea3728abcce24646, type: 2}
      propertyPath: m_LocalRotation.w
      value: 1
      objectReference: {fileID: 0}
    - target: {fileID: 4688003902334650, guid: 43623f5ff34e4c04ea3728abcce24646, type: 2}
      propertyPath: m_RootOrder
      value: 3
      objectReference: {fileID: 0}
    - target: {fileID: 1314702978663554, guid: 43623f5ff34e4c04ea3728abcce24646, type: 2}
      propertyPath: m_Name
      value: Walls (3)
      objectReference: {fileID: 0}
    - target: {fileID: 61559415656164562, guid: 43623f5ff34e4c04ea3728abcce24646,
        type: 2}
      propertyPath: m_Offset.y
      value: 4.4571524
      objectReference: {fileID: 0}
    - target: {fileID: 61559415656164562, guid: 43623f5ff34e4c04ea3728abcce24646,
        type: 2}
      propertyPath: m_Size.y
      value: 1.1473484
      objectReference: {fileID: 0}
    - target: {fileID: 61559415656164562, guid: 43623f5ff34e4c04ea3728abcce24646,
        type: 2}
      propertyPath: m_Offset.x
      value: 0
      objectReference: {fileID: 0}
    - target: {fileID: 61559415656164562, guid: 43623f5ff34e4c04ea3728abcce24646,
        type: 2}
      propertyPath: m_Size.x
      value: 17.797207
      objectReference: {fileID: 0}
    - target: {fileID: 1314702978663554, guid: 43623f5ff34e4c04ea3728abcce24646, type: 2}
      propertyPath: m_Layer
      value: 10
      objectReference: {fileID: 0}
    m_RemovedComponents: []
  m_ParentPrefab: {fileID: 100100000, guid: 43623f5ff34e4c04ea3728abcce24646, type: 2}
  m_IsPrefabParent: 0
--- !u!1001 &1302710192
Prefab:
  m_ObjectHideFlags: 0
  serializedVersion: 2
  m_Modification:
    m_TransformParent: {fileID: 184629212}
    m_Modifications:
    - target: {fileID: 4688003902334650, guid: 43623f5ff34e4c04ea3728abcce24646, type: 2}
      propertyPath: m_LocalPosition.x
      value: 9.41
      objectReference: {fileID: 0}
    - target: {fileID: 4688003902334650, guid: 43623f5ff34e4c04ea3728abcce24646, type: 2}
      propertyPath: m_LocalPosition.y
      value: 0
      objectReference: {fileID: 0}
    - target: {fileID: 4688003902334650, guid: 43623f5ff34e4c04ea3728abcce24646, type: 2}
      propertyPath: m_LocalPosition.z
      value: 10
      objectReference: {fileID: 0}
    - target: {fileID: 4688003902334650, guid: 43623f5ff34e4c04ea3728abcce24646, type: 2}
      propertyPath: m_LocalRotation.x
      value: -0
      objectReference: {fileID: 0}
    - target: {fileID: 4688003902334650, guid: 43623f5ff34e4c04ea3728abcce24646, type: 2}
      propertyPath: m_LocalRotation.y
      value: -0
      objectReference: {fileID: 0}
    - target: {fileID: 4688003902334650, guid: 43623f5ff34e4c04ea3728abcce24646, type: 2}
      propertyPath: m_LocalRotation.z
      value: -0
      objectReference: {fileID: 0}
    - target: {fileID: 4688003902334650, guid: 43623f5ff34e4c04ea3728abcce24646, type: 2}
      propertyPath: m_LocalRotation.w
      value: 1
      objectReference: {fileID: 0}
    - target: {fileID: 4688003902334650, guid: 43623f5ff34e4c04ea3728abcce24646, type: 2}
      propertyPath: m_RootOrder
      value: 1
      objectReference: {fileID: 0}
    - target: {fileID: 1314702978663554, guid: 43623f5ff34e4c04ea3728abcce24646, type: 2}
      propertyPath: m_Name
      value: Walls (1)
      objectReference: {fileID: 0}
    - target: {fileID: 1314702978663554, guid: 43623f5ff34e4c04ea3728abcce24646, type: 2}
      propertyPath: m_Layer
      value: 10
      objectReference: {fileID: 0}
    m_RemovedComponents: []
  m_ParentPrefab: {fileID: 100100000, guid: 43623f5ff34e4c04ea3728abcce24646, type: 2}
  m_IsPrefabParent: 0
--- !u!4 &1316723802 stripped
Transform:
  m_PrefabParentObject: {fileID: 4604120991349650, guid: c447e5495c6d39341a83d9b5a8a8dddf,
    type: 2}
  m_PrefabInternal: {fileID: 737725430}
--- !u!1 &1320437621
GameObject:
  m_ObjectHideFlags: 0
  m_PrefabParentObject: {fileID: 0}
  m_PrefabInternal: {fileID: 0}
  serializedVersion: 5
  m_Component:
  - component: {fileID: 1320437626}
  - component: {fileID: 1320437625}
  - component: {fileID: 1320437624}
  - component: {fileID: 1320437623}
  - component: {fileID: 1320437622}
  m_Layer: 5
  m_Name: Canvas
  m_TagString: Untagged
  m_Icon: {fileID: 0}
  m_NavMeshLayer: 0
  m_StaticEditorFlags: 0
  m_IsActive: 1
--- !u!114 &1320437622
MonoBehaviour:
  m_ObjectHideFlags: 0
  m_PrefabParentObject: {fileID: 0}
  m_PrefabInternal: {fileID: 0}
  m_GameObject: {fileID: 1320437621}
  m_Enabled: 1
  m_EditorHideFlags: 0
  m_Script: {fileID: 11500000, guid: 817f25e555cc8f940ad6a0a123b16faa, type: 3}
  m_Name: 
  m_EditorClassIdentifier: 
  scoreText: {fileID: 544151654}
  achivmentsText: {fileID: 1782621776}
--- !u!114 &1320437623
MonoBehaviour:
  m_ObjectHideFlags: 0
  m_PrefabParentObject: {fileID: 0}
  m_PrefabInternal: {fileID: 0}
  m_GameObject: {fileID: 1320437621}
  m_Enabled: 1
  m_EditorHideFlags: 0
  m_Script: {fileID: 1301386320, guid: f70555f144d8491a825f0804e09c671c, type: 3}
  m_Name: 
  m_EditorClassIdentifier: 
  m_IgnoreReversedGraphics: 1
  m_BlockingObjects: 0
  m_BlockingMask:
    serializedVersion: 2
    m_Bits: 4294967295
--- !u!114 &1320437624
MonoBehaviour:
  m_ObjectHideFlags: 0
  m_PrefabParentObject: {fileID: 0}
  m_PrefabInternal: {fileID: 0}
  m_GameObject: {fileID: 1320437621}
  m_Enabled: 1
  m_EditorHideFlags: 0
  m_Script: {fileID: 1980459831, guid: f70555f144d8491a825f0804e09c671c, type: 3}
  m_Name: 
  m_EditorClassIdentifier: 
  m_UiScaleMode: 1
  m_ReferencePixelsPerUnit: 100
  m_ScaleFactor: 1
  m_ReferenceResolution: {x: 800, y: 600}
  m_ScreenMatchMode: 0
  m_MatchWidthOrHeight: 0
  m_PhysicalUnit: 3
  m_FallbackScreenDPI: 96
  m_DefaultSpriteDPI: 96
  m_DynamicPixelsPerUnit: 1
--- !u!223 &1320437625
Canvas:
  m_ObjectHideFlags: 0
  m_PrefabParentObject: {fileID: 0}
  m_PrefabInternal: {fileID: 0}
  m_GameObject: {fileID: 1320437621}
  m_Enabled: 1
  serializedVersion: 3
  m_RenderMode: 0
  m_Camera: {fileID: 0}
  m_PlaneDistance: 100
  m_PixelPerfect: 0
  m_ReceivesEvents: 1
  m_OverrideSorting: 0
  m_OverridePixelPerfect: 0
  m_SortingBucketNormalizedSize: 0
  m_AdditionalShaderChannelsFlag: 0
  m_SortingLayerID: 0
  m_SortingOrder: 0
  m_TargetDisplay: 0
--- !u!224 &1320437626
RectTransform:
  m_ObjectHideFlags: 0
  m_PrefabParentObject: {fileID: 0}
  m_PrefabInternal: {fileID: 0}
  m_GameObject: {fileID: 1320437621}
  m_LocalRotation: {x: 0, y: 0, z: 0, w: 1}
  m_LocalPosition: {x: 0, y: 0, z: 0}
  m_LocalScale: {x: 0, y: 0, z: 0}
  m_Children:
  - {fileID: 544151656}
  - {fileID: 1782621778}
  m_Father: {fileID: 0}
  m_RootOrder: 1
  m_LocalEulerAnglesHint: {x: 0, y: 0, z: 0}
  m_AnchorMin: {x: 0, y: 0}
  m_AnchorMax: {x: 0, y: 0}
  m_AnchoredPosition: {x: 0, y: 0}
  m_SizeDelta: {x: 0, y: 0}
  m_Pivot: {x: 0, y: 0}
--- !u!4 &1743479825 stripped
Transform:
  m_PrefabParentObject: {fileID: 4688003902334650, guid: 43623f5ff34e4c04ea3728abcce24646,
    type: 2}
  m_PrefabInternal: {fileID: 767791185}
--- !u!1 &1775527460
GameObject:
  m_ObjectHideFlags: 0
  m_PrefabParentObject: {fileID: 0}
  m_PrefabInternal: {fileID: 0}
  serializedVersion: 5
  m_Component:
  - component: {fileID: 1775527461}
  m_Layer: 0
  m_Name: PlayField
  m_TagString: Untagged
  m_Icon: {fileID: 0}
  m_NavMeshLayer: 0
  m_StaticEditorFlags: 0
  m_IsActive: 1
--- !u!4 &1775527461
Transform:
  m_ObjectHideFlags: 0
  m_PrefabParentObject: {fileID: 0}
  m_PrefabInternal: {fileID: 0}
  m_GameObject: {fileID: 1775527460}
  m_LocalRotation: {x: 0, y: 0, z: 0, w: 1}
  m_LocalPosition: {x: 0, y: 0, z: 0}
  m_LocalScale: {x: 1, y: 1, z: 1}
  m_Children:
  - {fileID: 881989717}
  - {fileID: 621777121}
  - {fileID: 1316723802}
  - {fileID: 410815037}
  - {fileID: 1857290160}
  - {fileID: 2019840915}
  - {fileID: 1803117399}
  - {fileID: 2110884168}
  - {fileID: 51893727}
  - {fileID: 76739481}
  m_Father: {fileID: 184629212}
  m_RootOrder: 0
  m_LocalEulerAnglesHint: {x: 0, y: 0, z: 0}
--- !u!1 &1782621775
GameObject:
  m_ObjectHideFlags: 0
  m_PrefabParentObject: {fileID: 0}
  m_PrefabInternal: {fileID: 0}
  serializedVersion: 5
  m_Component:
  - component: {fileID: 1782621778}
  - component: {fileID: 1782621777}
  - component: {fileID: 1782621776}
  m_Layer: 5
  m_Name: Achivments
  m_TagString: Untagged
  m_Icon: {fileID: 0}
  m_NavMeshLayer: 0
  m_StaticEditorFlags: 0
  m_IsActive: 0
--- !u!114 &1782621776
MonoBehaviour:
  m_ObjectHideFlags: 0
  m_PrefabParentObject: {fileID: 0}
  m_PrefabInternal: {fileID: 0}
  m_GameObject: {fileID: 1782621775}
  m_Enabled: 1
  m_EditorHideFlags: 0
  m_Script: {fileID: 708705254, guid: f70555f144d8491a825f0804e09c671c, type: 3}
  m_Name: 
  m_EditorClassIdentifier: 
  m_Material: {fileID: 0}
  m_Color: {r: 1, g: 1, b: 1, a: 1}
  m_RaycastTarget: 1
  m_OnCullStateChanged:
    m_PersistentCalls:
      m_Calls: []
    m_TypeName: UnityEngine.UI.MaskableGraphic+CullStateChangedEvent, UnityEngine.UI,
      Version=1.0.0.0, Culture=neutral, PublicKeyToken=null
  m_FontData:
    m_Font: {fileID: 10102, guid: 0000000000000000e000000000000000, type: 0}
    m_FontSize: 14
    m_FontStyle: 0
    m_BestFit: 0
    m_MinSize: 10
    m_MaxSize: 40
    m_Alignment: 0
    m_AlignByGeometry: 0
    m_RichText: 1
    m_HorizontalOverflow: 0
    m_VerticalOverflow: 0
    m_LineSpacing: 1.4
  m_Text: 
--- !u!222 &1782621777
CanvasRenderer:
  m_ObjectHideFlags: 0
  m_PrefabParentObject: {fileID: 0}
  m_PrefabInternal: {fileID: 0}
  m_GameObject: {fileID: 1782621775}
--- !u!224 &1782621778
RectTransform:
  m_ObjectHideFlags: 0
  m_PrefabParentObject: {fileID: 0}
  m_PrefabInternal: {fileID: 0}
  m_GameObject: {fileID: 1782621775}
  m_LocalRotation: {x: -0, y: -0, z: -0, w: 1}
  m_LocalPosition: {x: 0, y: 0, z: 0}
  m_LocalScale: {x: 0.99999994, y: 0.99999994, z: 0.99999994}
  m_Children: []
  m_Father: {fileID: 1320437626}
  m_RootOrder: 1
  m_LocalEulerAnglesHint: {x: 0, y: 0, z: 0}
  m_AnchorMin: {x: 0, y: 1}
  m_AnchorMax: {x: 0, y: 1}
  m_AnchoredPosition: {x: 166.8, y: -76.879364}
  m_SizeDelta: {x: 306.9, y: 57.1}
  m_Pivot: {x: 0.5, y: 0.5}
--- !u!4 &1803117399 stripped
Transform:
  m_PrefabParentObject: {fileID: 4604120991349650, guid: c447e5495c6d39341a83d9b5a8a8dddf,
    type: 2}
  m_PrefabInternal: {fileID: 2085770281}
--- !u!1001 &1829480539
Prefab:
  m_ObjectHideFlags: 0
  serializedVersion: 2
  m_Modification:
    m_TransformParent: {fileID: 1775527461}
    m_Modifications:
    - target: {fileID: 96735119462168130, guid: d6a244d8b23f36546816970c285f9828,
        type: 2}
      propertyPath: m_Parameters.widthCurve.m_Curve.Array.size
      value: 2
      objectReference: {fileID: 0}
    - target: {fileID: 4901957785318496, guid: d6a244d8b23f36546816970c285f9828, type: 2}
      propertyPath: m_LocalPosition.x
      value: -7.38
      objectReference: {fileID: 0}
    - target: {fileID: 4901957785318496, guid: d6a244d8b23f36546816970c285f9828, type: 2}
      propertyPath: m_LocalPosition.y
      value: -3.86
      objectReference: {fileID: 0}
    - target: {fileID: 4901957785318496, guid: d6a244d8b23f36546816970c285f9828, type: 2}
      propertyPath: m_LocalPosition.z
      value: 10
      objectReference: {fileID: 0}
    - target: {fileID: 4901957785318496, guid: d6a244d8b23f36546816970c285f9828, type: 2}
      propertyPath: m_LocalRotation.x
      value: -0
      objectReference: {fileID: 0}
    - target: {fileID: 4901957785318496, guid: d6a244d8b23f36546816970c285f9828, type: 2}
      propertyPath: m_LocalRotation.y
      value: -0
      objectReference: {fileID: 0}
    - target: {fileID: 4901957785318496, guid: d6a244d8b23f36546816970c285f9828, type: 2}
      propertyPath: m_LocalRotation.z
      value: -0
      objectReference: {fileID: 0}
    - target: {fileID: 4901957785318496, guid: d6a244d8b23f36546816970c285f9828, type: 2}
      propertyPath: m_LocalRotation.w
      value: 1
      objectReference: {fileID: 0}
    - target: {fileID: 4901957785318496, guid: d6a244d8b23f36546816970c285f9828, type: 2}
      propertyPath: m_RootOrder
      value: 1
      objectReference: {fileID: 0}
    - target: {fileID: 50856656413629506, guid: d6a244d8b23f36546816970c285f9828,
        type: 2}
      propertyPath: m_Constraints
      value: 4
      objectReference: {fileID: 0}
    - target: {fileID: 4901957785318496, guid: d6a244d8b23f36546816970c285f9828, type: 2}
      propertyPath: m_LocalEulerAnglesHint.z
      value: 0
      objectReference: {fileID: 0}
    - target: {fileID: 114060739173495592, guid: d6a244d8b23f36546816970c285f9828,
        type: 2}
      propertyPath: rotationSpeed
      value: 10
      objectReference: {fileID: 0}
    - target: {fileID: 96735119462168130, guid: d6a244d8b23f36546816970c285f9828,
        type: 2}
      propertyPath: m_Enabled
      value: 1
      objectReference: {fileID: 0}
    - target: {fileID: 96735119462168130, guid: d6a244d8b23f36546816970c285f9828,
        type: 2}
      propertyPath: m_Materials.Array.data[0]
      value: 
      objectReference: {fileID: 10754, guid: 0000000000000000f000000000000000, type: 0}
    - target: {fileID: 96735119462168130, guid: d6a244d8b23f36546816970c285f9828,
        type: 2}
      propertyPath: m_Time
      value: 0.1
      objectReference: {fileID: 0}
    - target: {fileID: 96735119462168130, guid: d6a244d8b23f36546816970c285f9828,
        type: 2}
      propertyPath: m_Parameters.widthCurve.m_Curve.Array.data[0].value
      value: 1
      objectReference: {fileID: 0}
    - target: {fileID: 96735119462168130, guid: d6a244d8b23f36546816970c285f9828,
        type: 2}
      propertyPath: m_Parameters.widthCurve.m_RotationOrder
      value: 0
      objectReference: {fileID: 0}
    - target: {fileID: 96735119462168130, guid: d6a244d8b23f36546816970c285f9828,
        type: 2}
      propertyPath: m_Parameters.widthCurve.m_Curve.Array.data[1].time
      value: 0.9901987
      objectReference: {fileID: 0}
    - target: {fileID: 96735119462168130, guid: d6a244d8b23f36546816970c285f9828,
        type: 2}
      propertyPath: m_Parameters.widthCurve.m_Curve.Array.data[1].value
      value: 0
      objectReference: {fileID: 0}
    - target: {fileID: 96735119462168130, guid: d6a244d8b23f36546816970c285f9828,
        type: 2}
      propertyPath: m_Parameters.widthCurve.m_Curve.Array.data[0].time
      value: 0
      objectReference: {fileID: 0}
    - target: {fileID: 96735119462168130, guid: d6a244d8b23f36546816970c285f9828,
        type: 2}
      propertyPath: m_Parameters.colorGradient.key0.r
      value: 0.043137256
      objectReference: {fileID: 0}
    - target: {fileID: 96735119462168130, guid: d6a244d8b23f36546816970c285f9828,
        type: 2}
      propertyPath: m_Parameters.colorGradient.key0.g
      value: 0.76470596
      objectReference: {fileID: 0}
    - target: {fileID: 96735119462168130, guid: d6a244d8b23f36546816970c285f9828,
        type: 2}
      propertyPath: m_Parameters.colorGradient.key0.b
      value: 0.16862746
      objectReference: {fileID: 0}
    - target: {fileID: 96735119462168130, guid: d6a244d8b23f36546816970c285f9828,
        type: 2}
      propertyPath: m_Parameters.colorGradient.atime1
      value: 65535
      objectReference: {fileID: 0}
    - target: {fileID: 96735119462168130, guid: d6a244d8b23f36546816970c285f9828,
        type: 2}
      propertyPath: m_Parameters.colorGradient.key1.r
      value: 0.043137256
      objectReference: {fileID: 0}
    - target: {fileID: 96735119462168130, guid: d6a244d8b23f36546816970c285f9828,
        type: 2}
      propertyPath: m_Parameters.colorGradient.key1.g
      value: 0.76470596
      objectReference: {fileID: 0}
    - target: {fileID: 96735119462168130, guid: d6a244d8b23f36546816970c285f9828,
        type: 2}
      propertyPath: m_Parameters.colorGradient.key1.b
      value: 0.16862746
      objectReference: {fileID: 0}
    - target: {fileID: 96735119462168130, guid: d6a244d8b23f36546816970c285f9828,
        type: 2}
      propertyPath: m_Parameters.widthCurve.m_Curve.Array.data[1].inSlope
      value: -2.7439668
      objectReference: {fileID: 0}
    - target: {fileID: 96735119462168130, guid: d6a244d8b23f36546816970c285f9828,
        type: 2}
      propertyPath: m_Parameters.widthCurve.m_Curve.Array.data[1].outSlope
      value: -2.7439668
      objectReference: {fileID: 0}
    - target: {fileID: 96735119462168130, guid: d6a244d8b23f36546816970c285f9828,
        type: 2}
      propertyPath: m_Parameters.widthCurve.m_Curve.Array.data[2].time
      value: 0.9901987
      objectReference: {fileID: 0}
    - target: {fileID: 96735119462168130, guid: d6a244d8b23f36546816970c285f9828,
        type: 2}
      propertyPath: m_Parameters.widthCurve.m_Curve.Array.data[2].value
      value: 0
      objectReference: {fileID: 0}
    - target: {fileID: 96735119462168130, guid: d6a244d8b23f36546816970c285f9828,
        type: 2}
      propertyPath: m_Parameters.widthCurve.m_Curve.Array.data[2].inSlope
      value: -6.9689317
      objectReference: {fileID: 0}
    - target: {fileID: 96735119462168130, guid: d6a244d8b23f36546816970c285f9828,
        type: 2}
      propertyPath: m_Parameters.widthCurve.m_Curve.Array.data[2].outSlope
      value: -6.9689317
      objectReference: {fileID: 0}
    - target: {fileID: 96735119462168130, guid: d6a244d8b23f36546816970c285f9828,
        type: 2}
      propertyPath: m_Parameters.widthCurve.m_Curve.Array.data[3].time
      value: 1
      objectReference: {fileID: 0}
    - target: {fileID: 96735119462168130, guid: d6a244d8b23f36546816970c285f9828,
        type: 2}
      propertyPath: m_Parameters.widthCurve.m_Curve.Array.data[3].value
      value: 0.010871887
      objectReference: {fileID: 0}
    - target: {fileID: 96735119462168130, guid: d6a244d8b23f36546816970c285f9828,
        type: 2}
      propertyPath: m_Parameters.widthCurve.m_Curve.Array.data[3].inSlope
      value: 0
      objectReference: {fileID: 0}
    - target: {fileID: 96735119462168130, guid: d6a244d8b23f36546816970c285f9828,
        type: 2}
      propertyPath: m_Parameters.widthCurve.m_Curve.Array.data[3].outSlope
      value: 0
      objectReference: {fileID: 0}
    - target: {fileID: 96735119462168130, guid: d6a244d8b23f36546816970c285f9828,
        type: 2}
      propertyPath: m_Parameters.widthCurve.m_Curve.Array.data[4].time
      value: 1
      objectReference: {fileID: 0}
    - target: {fileID: 96735119462168130, guid: d6a244d8b23f36546816970c285f9828,
        type: 2}
      propertyPath: m_Parameters.widthCurve.m_Curve.Array.data[4].value
      value: 0.010871887
      objectReference: {fileID: 0}
    - target: {fileID: 50856656413629506, guid: d6a244d8b23f36546816970c285f9828,
        type: 2}
      propertyPath: m_AngularDrag
      value: 0
      objectReference: {fileID: 0}
    - target: {fileID: 212511014473676032, guid: d6a244d8b23f36546816970c285f9828,
        type: 2}
      propertyPath: m_SortingOrder
      value: 10
      objectReference: {fileID: 0}
    - target: {fileID: 212282781576532786, guid: d6a244d8b23f36546816970c285f9828,
        type: 2}
      propertyPath: m_SortingOrder
      value: 11
      objectReference: {fileID: 0}
    - target: {fileID: 212639557137145322, guid: d6a244d8b23f36546816970c285f9828,
        type: 2}
      propertyPath: m_SortingOrder
      value: 11
      objectReference: {fileID: 0}
    - target: {fileID: 212461606435340622, guid: d6a244d8b23f36546816970c285f9828,
        type: 2}
      propertyPath: m_SortingOrder
      value: 9
      objectReference: {fileID: 0}
    m_RemovedComponents: []
  m_ParentPrefab: {fileID: 100100000, guid: d6a244d8b23f36546816970c285f9828, type: 2}
  m_IsPrefabParent: 0
--- !u!4 &1857290160 stripped
Transform:
  m_PrefabParentObject: {fileID: 4614377715526862, guid: b240817fca0c5f3418bc7780661ce5ad,
    type: 2}
  m_PrefabInternal: {fileID: 375264847}
--- !u!4 &2019840915 stripped
Transform:
  m_PrefabParentObject: {fileID: 4604120991349650, guid: c447e5495c6d39341a83d9b5a8a8dddf,
    type: 2}
  m_PrefabInternal: {fileID: 753748753}
--- !u!1001 &2085770281
Prefab:
  m_ObjectHideFlags: 0
  serializedVersion: 2
  m_Modification:
    m_TransformParent: {fileID: 1775527461}
    m_Modifications:
    - target: {fileID: 4604120991349650, guid: c447e5495c6d39341a83d9b5a8a8dddf, type: 2}
      propertyPath: m_LocalPosition.x
      value: -2
      objectReference: {fileID: 0}
    - target: {fileID: 4604120991349650, guid: c447e5495c6d39341a83d9b5a8a8dddf, type: 2}
      propertyPath: m_LocalPosition.y
      value: -3
      objectReference: {fileID: 0}
    - target: {fileID: 4604120991349650, guid: c447e5495c6d39341a83d9b5a8a8dddf, type: 2}
      propertyPath: m_LocalPosition.z
      value: 10
      objectReference: {fileID: 0}
    - target: {fileID: 4604120991349650, guid: c447e5495c6d39341a83d9b5a8a8dddf, type: 2}
      propertyPath: m_LocalRotation.x
      value: -0
      objectReference: {fileID: 0}
    - target: {fileID: 4604120991349650, guid: c447e5495c6d39341a83d9b5a8a8dddf, type: 2}
      propertyPath: m_LocalRotation.y
      value: -0
      objectReference: {fileID: 0}
    - target: {fileID: 4604120991349650, guid: c447e5495c6d39341a83d9b5a8a8dddf, type: 2}
      propertyPath: m_LocalRotation.z
      value: -0
      objectReference: {fileID: 0}
    - target: {fileID: 4604120991349650, guid: c447e5495c6d39341a83d9b5a8a8dddf, type: 2}
      propertyPath: m_LocalRotation.w
      value: 1
      objectReference: {fileID: 0}
    - target: {fileID: 4604120991349650, guid: c447e5495c6d39341a83d9b5a8a8dddf, type: 2}
      propertyPath: m_RootOrder
      value: 6
      objectReference: {fileID: 0}
    - target: {fileID: 1803160951507696, guid: c447e5495c6d39341a83d9b5a8a8dddf, type: 2}
      propertyPath: m_Name
      value: Obstacle (2)
      objectReference: {fileID: 0}
    m_RemovedComponents: []
  m_ParentPrefab: {fileID: 100100000, guid: c447e5495c6d39341a83d9b5a8a8dddf, type: 2}
  m_IsPrefabParent: 0
--- !u!1001 &2085984077
Prefab:
  m_ObjectHideFlags: 0
  serializedVersion: 2
  m_Modification:
    m_TransformParent: {fileID: 1775527461}
    m_Modifications:
    - target: {fileID: 4604120991349650, guid: c447e5495c6d39341a83d9b5a8a8dddf, type: 2}
      propertyPath: m_LocalPosition.x
      value: -2
      objectReference: {fileID: 0}
    - target: {fileID: 4604120991349650, guid: c447e5495c6d39341a83d9b5a8a8dddf, type: 2}
      propertyPath: m_LocalPosition.y
      value: -3
      objectReference: {fileID: 0}
    - target: {fileID: 4604120991349650, guid: c447e5495c6d39341a83d9b5a8a8dddf, type: 2}
      propertyPath: m_LocalPosition.z
      value: 10
      objectReference: {fileID: 0}
    - target: {fileID: 4604120991349650, guid: c447e5495c6d39341a83d9b5a8a8dddf, type: 2}
      propertyPath: m_LocalRotation.x
      value: -0
      objectReference: {fileID: 0}
    - target: {fileID: 4604120991349650, guid: c447e5495c6d39341a83d9b5a8a8dddf, type: 2}
      propertyPath: m_LocalRotation.y
      value: -0
      objectReference: {fileID: 0}
    - target: {fileID: 4604120991349650, guid: c447e5495c6d39341a83d9b5a8a8dddf, type: 2}
      propertyPath: m_LocalRotation.z
      value: -0
      objectReference: {fileID: 0}
    - target: {fileID: 4604120991349650, guid: c447e5495c6d39341a83d9b5a8a8dddf, type: 2}
      propertyPath: m_LocalRotation.w
      value: 1
      objectReference: {fileID: 0}
    - target: {fileID: 4604120991349650, guid: c447e5495c6d39341a83d9b5a8a8dddf, type: 2}
      propertyPath: m_RootOrder
      value: 9
      objectReference: {fileID: 0}
    - target: {fileID: 1803160951507696, guid: c447e5495c6d39341a83d9b5a8a8dddf, type: 2}
      propertyPath: m_Name
      value: Obstacle (3)
      objectReference: {fileID: 0}
    m_RemovedComponents: []
  m_ParentPrefab: {fileID: 100100000, guid: c447e5495c6d39341a83d9b5a8a8dddf, type: 2}
  m_IsPrefabParent: 0
--- !u!4 &2110884168 stripped
Transform:
  m_PrefabParentObject: {fileID: 4604120991349650, guid: c447e5495c6d39341a83d9b5a8a8dddf,
    type: 2}
  m_PrefabInternal: {fileID: 531204139}
